@article{pottspaper,
  title={Potts model on complex networks},
  author={Dorogovtsev, S. N. and Goltsev, A. V. and Mendes, J. F. F.},
  year={2004},
  journal={The European Physical Journal B},
  doi={https://doi.org/10.1140/epjb/e2004-00019-y}
}

@article{pottsreview,
  title = {Critical phenomena in complex networks},
  author = {Dorogovtsev, S. N. and Goltsev, A. V. and Mendes, J. F. F.},
  journal = {Rev. Mod. Phys.},
  volume = {80},
  issue = {4},
  pages = {1275--1335},
  numpages = {0},
  year = {2008},
  month = {Oct},
  publisher = {American Physical Society},
  doi = {10.1103/RevModPhys.80.1275},
  url = {http}
}

@article{hierarchical_traffic,
  title = {Communication in Networks with Hierarchical Branching},
  author = {Arenas, A. and D\'{\i}az-Guilera, A. and Guimer\`a, R.},
  journal = {Phys. Rev. Lett.},
  volume = {86},
  issue = {14},
  pages = {3196--3199},
  numpages = {0},
  year = {2001},
  month = {Apr},
  publisher = {American Physical Society},
  doi = {10.1103/PhysRevLett.86.3196},
  url = {https://link.aps.org/doi/10.1103/PhysRevLett.86.3196}
}

@article{optimal_routing,
  title = {Improved routing strategies for Internet traffic delivery},
  author = {Echenique, Pablo and G\'omez-Garde\~nes, Jes\'us and Moreno, Yamir},
  journal = {Phys. Rev. E},
  volume = {70},
  issue = {5},
  pages = {056105},
  numpages = {4},
  year = {2004},
  month = {Nov},
  publisher = {American Physical Society},
  doi = {10.1103/PhysRevE.70.056105},
  url = {https://link.aps.org/doi/10.1103/PhysRevE.70.056105}
}

@article{optimal_routing2,
doi = {10.1209/epl/i2005-10080-8},
url = {https://dx.doi.org/10.1209/epl/i2005-10080-8},
year = {2005},
month = {jun},
publisher = {},
volume = {71},
number = {2},
pages = {325},
author = {P. Echenique and  J. Gómez-Gardeñes and  Y. Moreno},
title = {Dynamics of jamming transitions in complex networks},
journal = {Europhysics Letters},
}

